@article{mikolov,
  title={Efficient Estimation of Word Representations in Vector Space},
  author={Tomas Mikolov and Kai Chen and Gregory S. Corrado and Jeffrey Dean},
  journal={CoRR},
  year={2013},
  volume={abs/1301.3781}
}

@article{Mikolov2014,
  title={Efficient Estimation of Word Representations in Vector Space},
  author={Tomas Mikolov and Kai Chen and Gregory S. Corrado and Jeffrey Dean},
  journal={CoRR},
  year={2013},
  volume={abs/1301.3781}
}